<?xml version="1.0" encoding="UTF-8"?>
  <record xmlns="http://www.loc.gov/MARC21/slim" type="Authority">
    <leader>00000nz  a2200000nc 4500</leader>
    <controlfield tag="001">118528386</controlfield>
    <controlfield tag="003">DE-101</controlfield>
    <controlfield tag="005">20220311161703.0</controlfield>
    <controlfield tag="008">880701n||azznnaabn           | aaa    |c</controlfield>
    <datafield tag="024" ind1="7" ind2=" ">
      <subfield code="a">118528386</subfield>
      <subfield code="0">http://d-nb.info/gnd/118528386</subfield>
      <subfield code="2">gnd</subfield>
    </datafield>
    <datafield tag="035" ind1=" " ind2=" ">
      <subfield code="a">(DE-101)118528386</subfield>
    </datafield>
    <datafield tag="035" ind1=" " ind2=" ">
      <subfield code="a">(DE-588)118528386</subfield>
    </datafield>
    <datafield tag="035" ind1=" " ind2=" ">
      <subfield code="z">(DE-588a)118528386</subfield>
      <subfield code="9">v:zg</subfield>
    </datafield>
    <datafield tag="035" ind1=" " ind2=" ">
      <subfield code="z">(DE-588a)128023082</subfield>
    </datafield>
    <datafield tag="035" ind1=" " ind2=" ">
      <subfield code="z">(DE-588a)127672060</subfield>
    </datafield>
    <datafield tag="035" ind1=" " ind2=" ">
      <subfield code="z">(DE-588a)127672052</subfield>
    </datafield>
    <datafield tag="035" ind1=" " ind2=" ">
      <subfield code="z">(DE-588c)4013378-3</subfield>
      <subfield code="9">v:zg</subfield>
    </datafield>
    <datafield tag="040" ind1=" " ind2=" ">
      <subfield code="a">DE-101</subfield>
      <subfield code="c">DE-101</subfield>
      <subfield code="9">r:DE-101</subfield>
      <subfield code="b">ger</subfield>
      <subfield code="d">9999</subfield>
    </datafield>
    <datafield tag="042" ind1=" " ind2=" ">
      <subfield code="a">gnd1</subfield>
    </datafield>
    <datafield tag="043" ind1=" " ind2=" ">
      <subfield code="c">XA-BE</subfield>
      <subfield code="c">XA-NL</subfield>
    </datafield>
    <datafield tag="065" ind1=" " ind2=" ">
      <subfield code="a">13.4p</subfield>
      <subfield code="2">sswd</subfield>
    </datafield>
    <datafield tag="075" ind1=" " ind2=" ">
      <subfield code="b">p</subfield>
      <subfield code="2">gndgen</subfield>
    </datafield>
    <datafield tag="075" ind1=" " ind2=" ">
      <subfield code="b">piz</subfield>
      <subfield code="2">gndspec</subfield>
    </datafield>
    <datafield tag="079" ind1=" " ind2=" ">
      <subfield code="a">g</subfield>
      <subfield code="q">a</subfield>
      <subfield code="q">f</subfield>
      <subfield code="q">s</subfield>
      <subfield code="q">d</subfield>
      <subfield code="u">v</subfield>
      <subfield code="u">w</subfield>
      <subfield code="u">o</subfield>
    </datafield>
    <datafield tag="100" ind1="1" ind2=" ">
      <subfield code="a">Dyck, Anton &#152;van&#156;</subfield>
      <subfield code="d">1599-1641</subfield>
    </datafield>
    <datafield tag="375" ind1=" " ind2=" ">
      <subfield code="a">1</subfield>
      <subfield code="2">iso5218</subfield>
    </datafield>
    <datafield tag="400" ind1="1" ind2=" ">
      <subfield code="a">Dijk, Antoon &#152;van&#156;</subfield>
      <subfield code="d">1599-1641</subfield>
    </datafield>
    <datafield tag="400" ind1="1" ind2=" ">
      <subfield code="a">Deik, Antonis &#152;van&#156;</subfield>
      <subfield code="d">1599-1641</subfield>
    </datafield>
    <datafield tag="400" ind1="1" ind2=" ">
      <subfield code="a">Dejk, Antonis &#152;van&#156;</subfield>
      <subfield code="d">1599-1641</subfield>
    </datafield>
    <datafield tag="400" ind1="1" ind2=" ">
      <subfield code="a">Dyck, A. &#152;van&#156;</subfield>
      <subfield code="d">1599-1641</subfield>
    </datafield>
    <datafield tag="400" ind1="1" ind2=" ">
      <subfield code="a">Dyck, Anthonis &#152;van&#156;</subfield>
      <subfield code="d">1599-1641</subfield>
    </datafield>
    <datafield tag="400" ind1="1" ind2=" ">
      <subfield code="a">Dyck, Anthony &#152;van&#156;</subfield>
      <subfield code="d">1599-1641</subfield>
    </datafield>
    <datafield tag="400" ind1="1" ind2=" ">
      <subfield code="a">Dyck, Antoine &#152;van&#156;</subfield>
      <subfield code="d">1599-1641</subfield>
    </datafield>
    <datafield tag="400" ind1="1" ind2=" ">
      <subfield code="a">Dyck, Antonis &#152;van&#156;</subfield>
      <subfield code="d">1599-1641</subfield>
    </datafield>
    <datafield tag="400" ind1="1" ind2=" ">
      <subfield code="a">Dyck, Antony &#152;van&#156;</subfield>
      <subfield code="d">1599-1641</subfield>
    </datafield>
    <datafield tag="400" ind1="1" ind2=" ">
      <subfield code="a">Dyck, Antonio &#152;van&#156;</subfield>
      <subfield code="d">1599-1641</subfield>
    </datafield>
    <datafield tag="400" ind1="1" ind2=" ">
      <subfield code="a">Dyk, Anthonis &#152;van&#156;</subfield>
      <subfield code="d">1599-1641</subfield>
    </datafield>
    <datafield tag="400" ind1="1" ind2=" ">
      <subfield code="a">VanDyck, Anton</subfield>
      <subfield code="d">1599-1641</subfield>
    </datafield>
    <datafield tag="400" ind1="1" ind2=" ">
      <subfield code="a">VanDyck, Antoon</subfield>
      <subfield code="d">1599-1641</subfield>
    </datafield>
    <datafield tag="400" ind1="1" ind2=" ">
      <subfield code="a">VanDyck, Anthonie</subfield>
      <subfield code="d">1599-1641</subfield>
    </datafield>
    <datafield tag="400" ind1="1" ind2=" ">
      <subfield code="a">VanDyck, Antoine</subfield>
      <subfield code="d">1599-1641</subfield>
    </datafield>
    <datafield tag="400" ind1="1" ind2=" ">
      <subfield code="a">Vandeik, Antoine</subfield>
      <subfield code="d">1599-1641</subfield>
    </datafield>
    <datafield tag="400" ind1="1" ind2=" ">
      <subfield code="a">Vandyke, Ant.</subfield>
      <subfield code="d">1599-1641</subfield>
    </datafield>
    <datafield tag="400" ind1="0" ind2=" ">
      <subfield code="a">Vandik</subfield>
      <subfield code="d">1599-1641</subfield>
    </datafield>
    <datafield tag="400" ind1="1" ind2=" ">
      <subfield code="a">Van Dyck, Anthony</subfield>
      <subfield code="d">1599-1641</subfield>
      <subfield code="9">v:LCAuth</subfield>
    </datafield>
    <datafield tag="400" ind1="1" ind2=" ">
      <subfield code="a">Dÿck, Ant. &#152;van&#156;</subfield>
      <subfield code="d">1599-1641</subfield>
    </datafield>
    <datafield tag="400" ind1="1" ind2=" ">
      <subfield code="a">Dyck, Anthonis &#152;van&#156;</subfield>
      <subfield code="d">1599-1641</subfield>
      <subfield code="9">v:M, B 1986</subfield>
    </datafield>
    <datafield tag="400" ind1="1" ind2=" ">
      <subfield code="a">Dyck, Antonius &#152;van&#156;</subfield>
      <subfield code="d">1599-1641</subfield>
    </datafield>
    <datafield tag="400" ind1="1" ind2=" ">
      <subfield code="a">Dijck, Anton &#152;van&#156;</subfield>
      <subfield code="d">1599-1641</subfield>
    </datafield>
    <datafield tag="400" ind1="1" ind2=" ">
      <subfield code="a">Dyck, Ant. &#152;van&#156;</subfield>
      <subfield code="d">1599-1641</subfield>
    </datafield>
    <datafield tag="400" ind1="1" ind2=" ">
      <subfield code="a">Dyk, Anton &#152;van&#156;</subfield>
      <subfield code="d">1599-1641</subfield>
    </datafield>
    <datafield tag="400" ind1="1" ind2=" ">
      <subfield code="a">Dyck, Antoon &#152;van&#156;</subfield>
      <subfield code="d">1599-1641</subfield>
    </datafield>
    <datafield tag="400" ind1="1" ind2=" ">
      <subfield code="a">Dyck, Anthonie &#152;van&#156;</subfield>
      <subfield code="d">1599-1641</subfield>
    </datafield>
    <datafield tag="400" ind1="1" ind2=" ">
      <subfield code="a">Van Dyck, Anton</subfield>
      <subfield code="d">1599-1641</subfield>
    </datafield>
    <datafield tag="400" ind1="1" ind2=" ">
      <subfield code="a">Vandyke, Anthony</subfield>
      <subfield code="d">1599-1641</subfield>
    </datafield>
    <datafield tag="400" ind1="1" ind2=" ">
      <subfield code="a">Van Dyck, Anthonie</subfield>
      <subfield code="d">1599-1641</subfield>
    </datafield>
    <datafield tag="400" ind1="1" ind2=" ">
      <subfield code="a">Van Dyck, Antoon</subfield>
      <subfield code="d">1599-1641</subfield>
    </datafield>
    <datafield tag="400" ind1="1" ind2=" ">
      <subfield code="a">Van Dyck, Antoine</subfield>
      <subfield code="d">1599-1641</subfield>
    </datafield>
    <datafield tag="400" ind1="1" ind2=" ">
      <subfield code="a">Dyck, Anthony &#152;van&#156;</subfield>
      <subfield code="d">1599-1641</subfield>
    </datafield>
    <datafield tag="400" ind1="1" ind2=" ">
      <subfield code="a">Van Dyck, Anthonis</subfield>
      <subfield code="d">1599-1641</subfield>
    </datafield>
    <datafield tag="400" ind1="1" ind2=" ">
      <subfield code="a">Van Dyck, Anthony</subfield>
      <subfield code="c">Sir</subfield>
      <subfield code="d">1599-1641</subfield>
    </datafield>
    <datafield tag="400" ind1="1" ind2=" ">
      <subfield code="a">Dyck, Anthony &#152;van&#156;</subfield>
      <subfield code="c">Sir</subfield>
      <subfield code="d">1599-1641</subfield>
    </datafield>
    <datafield tag="400" ind1="1" ind2=" ">
      <subfield code="a">Van Dyck, Anthonie</subfield>
      <subfield code="c">Sir</subfield>
      <subfield code="d">1599-1641</subfield>
    </datafield>
    <datafield tag="400" ind1="1" ind2=" ">
      <subfield code="a">Dyck, Anthonie &#152;van&#156;</subfield>
      <subfield code="c">Sir</subfield>
      <subfield code="d">1599-1641</subfield>
    </datafield>
    <datafield tag="400" ind1="1" ind2=" ">
      <subfield code="a">Van Dyck, Antoon</subfield>
      <subfield code="c">Sir</subfield>
      <subfield code="d">1599-1641</subfield>
    </datafield>
    <datafield tag="400" ind1="1" ind2=" ">
      <subfield code="a">Dyck, Antoon &#152;van&#156;</subfield>
      <subfield code="c">Sir</subfield>
      <subfield code="d">1599-1641</subfield>
    </datafield>
    <datafield tag="400" ind1="1" ind2=" ">
      <subfield code="a">Van Dyck, Antoine</subfield>
      <subfield code="c">Sir</subfield>
      <subfield code="d">1599-1641</subfield>
    </datafield>
    <datafield tag="400" ind1="1" ind2=" ">
      <subfield code="a">Dyck, Antoine &#152;van&#156;</subfield>
      <subfield code="c">Sir</subfield>
      <subfield code="d">1599-1641</subfield>
    </datafield>
    <datafield tag="400" ind1="1" ind2=" ">
      <subfield code="a">Vandyke, Anthony</subfield>
      <subfield code="c">Sir</subfield>
      <subfield code="d">1599-1641</subfield>
    </datafield>
    <datafield tag="400" ind1="1" ind2=" ">
      <subfield code="a">Van Dyck, Anthonis</subfield>
      <subfield code="c">Sir</subfield>
      <subfield code="d">1599-1641</subfield>
    </datafield>
    <datafield tag="400" ind1="1" ind2=" ">
      <subfield code="a">Dyck, Anthonis &#152;van&#156;</subfield>
      <subfield code="c">Sir</subfield>
      <subfield code="d">1599-1641</subfield>
    </datafield>
    <datafield tag="400" ind1="1" ind2=" ">
      <subfield code="a">Vandeik, Antoine</subfield>
      <subfield code="c">Sir</subfield>
      <subfield code="d">1599-1641</subfield>
    </datafield>
    <datafield tag="400" ind1="1" ind2=" ">
      <subfield code="a">Dyck, Antonie &#152;van&#156;</subfield>
      <subfield code="d">1599-1641</subfield>
    </datafield>
    <datafield tag="400" ind1="1" ind2=" ">
      <subfield code="a">Dijk, Anton &#152;van&#156;</subfield>
      <subfield code="d">1599-1641</subfield>
    </datafield>
    <datafield tag="400" ind1="1" ind2=" ">
      <subfield code="a">Dijck, Antoine &#152;van&#156;</subfield>
      <subfield code="d">1599-1641</subfield>
    </datafield>
    <datafield tag="400" ind1="1" ind2=" ">
      <subfield code="a">Vandyck, Antony</subfield>
      <subfield code="d">1599-1641</subfield>
    </datafield>
    <datafield tag="400" ind1="1" ind2=" ">
      <subfield code="a">Dyck, Anthonis</subfield>
      <subfield code="d">1599-1641</subfield>
    </datafield>
    <datafield tag="400" ind1="1" ind2=" ">
      <subfield code="a">Dyck, Anthony</subfield>
      <subfield code="d">1599-1641</subfield>
    </datafield>
    <datafield tag="548" ind1=" " ind2=" ">
      <subfield code="a">22.03.1599-09.12.1641</subfield>
      <subfield code="4">datx</subfield>
      <subfield code="4">https://d-nb.info/standards/elementset/gnd#dateOfBirthAndDeath</subfield>
      <subfield code="w">r</subfield>
      <subfield code="i">Exakte Lebensdaten</subfield>
    </datafield>
    <datafield tag="548" ind1=" " ind2=" ">
      <subfield code="a">1599-1641</subfield>
      <subfield code="4">datl</subfield>
      <subfield code="4">https://d-nb.info/standards/elementset/gnd#dateOfBirthAndDeath</subfield>
      <subfield code="w">r</subfield>
      <subfield code="i">Lebensdaten</subfield>
    </datafield>
    <datafield tag="550" ind1=" " ind2=" ">
      <subfield code="0">(DE-101)040334236</subfield>
      <subfield code="0">(DE-588)4033423-5</subfield>
      <subfield code="0">https://d-nb.info/gnd/4033423-5</subfield>
      <subfield code="a">Künstler</subfield>
      <subfield code="4">berc</subfield>
      <subfield code="4">https://d-nb.info/standards/elementset/gnd#professionOrOccupation</subfield>
      <subfield code="w">r</subfield>
      <subfield code="i">Charakteristischer Beruf</subfield>
    </datafield>
    <datafield tag="550" ind1=" " ind2=" ">
      <subfield code="0">(DE-101)040372154</subfield>
      <subfield code="0">(DE-588)4037215-7</subfield>
      <subfield code="0">https://d-nb.info/gnd/4037215-7</subfield>
      <subfield code="a">Maler</subfield>
      <subfield code="4">beru</subfield>
      <subfield code="4">https://d-nb.info/standards/elementset/gnd#professionOrOccupation</subfield>
      <subfield code="w">r</subfield>
      <subfield code="i">Beruf</subfield>
    </datafield>
    <datafield tag="550" ind1=" " ind2=" ">
      <subfield code="0">(DE-101)041251733</subfield>
      <subfield code="0">(DE-588)4125173-8</subfield>
      <subfield code="0">https://d-nb.info/gnd/4125173-8</subfield>
      <subfield code="a">Grafiker</subfield>
      <subfield code="4">beru</subfield>
      <subfield code="4">https://d-nb.info/standards/elementset/gnd#professionOrOccupation</subfield>
      <subfield code="w">r</subfield>
      <subfield code="i">Beruf</subfield>
    </datafield>
    <datafield tag="550" ind1=" " ind2=" ">
      <subfield code="0">(DE-101)041767934</subfield>
      <subfield code="0">(DE-588)4176793-7</subfield>
      <subfield code="0">https://d-nb.info/gnd/4176793-7</subfield>
      <subfield code="a">Radierer</subfield>
      <subfield code="4">beru</subfield>
      <subfield code="4">https://d-nb.info/standards/elementset/gnd#professionOrOccupation</subfield>
      <subfield code="w">r</subfield>
      <subfield code="i">Beruf</subfield>
    </datafield>
    <datafield tag="551" ind1=" " ind2=" ">
      <subfield code="0">(DE-101)040023648</subfield>
      <subfield code="0">(DE-588)4002364-3</subfield>
      <subfield code="0">https://d-nb.info/gnd/4002364-3</subfield>
      <subfield code="a">Antwerpen</subfield>
      <subfield code="4">ortg</subfield>
      <subfield code="4">https://d-nb.info/standards/elementset/gnd#placeOfBirth</subfield>
      <subfield code="w">r</subfield>
      <subfield code="i">Geburtsort</subfield>
    </datafield>
    <datafield tag="551" ind1=" " ind2=" ">
      <subfield code="0">(DE-101)040743357</subfield>
      <subfield code="0">(DE-588)4074335-4</subfield>
      <subfield code="0">https://d-nb.info/gnd/4074335-4</subfield>
      <subfield code="a">London</subfield>
      <subfield code="4">orts</subfield>
      <subfield code="4">https://d-nb.info/standards/elementset/gnd#placeOfDeath</subfield>
      <subfield code="w">r</subfield>
      <subfield code="i">Sterbeort</subfield>
    </datafield>
    <datafield tag="667" ind1=" " ind2=" ">
      <subfield code="a">12</subfield>
    </datafield>
    <datafield tag="667" ind1=" " ind2=" ">
      <subfield code="a">7</subfield>
    </datafield>
    <datafield tag="667" ind1=" " ind2=" ">
      <subfield code="a">SWB</subfield>
    </datafield>
    <datafield tag="667" ind1=" " ind2=" ">
      <subfield code="a">DBSM</subfield>
    </datafield>
    <datafield tag="670" ind1=" " ind2=" ">
      <subfield code="a">LCAuth</subfield>
    </datafield>
    <datafield tag="670" ind1=" " ind2=" ">
      <subfield code="a">AKL Bd. 31</subfield>
    </datafield>
    <datafield tag="670" ind1=" " ind2=" ">
      <subfield code="a">Wikipedia</subfield>
      <subfield code="u">https://de.wikipedia.org/wiki/Anthonis_van_Dyck</subfield>
    </datafield>
    <datafield tag="672" ind1=" " ind2="0">
      <subfield code="a">Icones principum, virorum doctorum, pictorum, chalcographorum ... - [ca. 1646]</subfield>
    </datafield>
    <datafield tag="672" ind1=" " ind2="0">
      <subfield code="a">Iconographie des hommes illustres</subfield>
      <subfield code="f">1759</subfield>
    </datafield>
    <datafield tag="672" ind1=" " ind2="0">
      <subfield code="a">Le Cabinet des plus beaux portraits de plusieurs princes ... - s.a.</subfield>
    </datafield>
    <datafield tag="672" ind1=" " ind2="0">
      <subfield code="a">Le Cabinet des plus beaux portraits</subfield>
      <subfield code="f">1728</subfield>
    </datafield>
    <datafield tag="672" ind1=" " ind2="0">
      <subfield code="a">Dyck, Anthonis van: Icones principum, virorum doctorum, pictorum, chalcographorum, stat*. - [ca. 1646]</subfield>
    </datafield>
    <datafield tag="672" ind1=" " ind2="0">
      <subfield code="a">Dyck, Anthonis van: Iconographie des hommes illustres</subfield>
      <subfield code="f">1759</subfield>
    </datafield>
    <datafield tag="672" ind1=" " ind2="0">
      <subfield code="a">Dyck, Anthonis van: Le Cabinet des plus beaux portraits de plusieurs princes et princ*. - s.a</subfield>
    </datafield>
    <datafield tag="672" ind1=" " ind2="0">
      <subfield code="a">Dyck, Anthonis van: Le Cabinet des plus beaux portraits</subfield>
      <subfield code="f">1728</subfield>
    </datafield>
    <datafield tag="678" ind1=" " ind2=" ">
      <subfield code="b">Flämischer Künstler; Maler, Grafiker, Radierer</subfield>
    </datafield>
    <datafield tag="913" ind1=" " ind2=" ">
      <subfield code="S">pnd</subfield>
      <subfield code="i">a</subfield>
      <subfield code="a">Dyck, Anton /van</subfield>
      <subfield code="0">(DE-588a)118528386</subfield>
    </datafield>
  </record>
